%% This BibTeX bibliography file was created using BibDesk.
%% http://bibdesk.sourceforge.net/

%% Created for duccio at 2015-12-20 09:33:48 +0000 


%% Saved with string encoding Unicode (UTF-8) 



@techreport{CENTRO2012,
	Author = {CENTRO},
	Institution = {West Midlands Integrated Transport Authority},
	Title = {{Annual Statistical Report}},
	Year = {2012}
}

@techreport{Rogers2005,
	Author = {Rogers, Richard},
	institution = {{Urban Task Force}},
	Title = {{Towards a Strong Urban Renaissance}},
	Year = {2005}
}

@book{OECD2012,
	Author = {OECD},
	Booktitle = {OECD Green Growth Studies},
	Publisher = {OECD Publishing},
	Title = {{Compact City Policies: A Comparative Assesment}},
	Year = {2012}
}

@article{Batty2009,
	Author = {Batty, Michael},
	Journal = {Environment and Planning B: Planning and Design},
	Number = {4},
	Pages = {571--572},
	Title = {{Defining density}},
	Volume = {36},
	Year = {2009}
}

@techreport{EuropeanEnvironmentAgency2006,
	Author = {{EEA}},
	Title = {Urban sprawl in Europe - The ignored challenge},
	Volume = {10},
	Year = {2006},
	institution = {{European Environment Agency (EEA)}}
}


@book{jackson1985crabgrass,
	Author = {Jackson, Kenneth T},
	Publisher = {Oxford University Press},
	Title = {Crabgrass frontier: The suburbanization of the United States},
	Year = {1985}
}

@book{fulton2001sprawls,
	Author = {Fulton, William B and Pendall, Rolf and Nguyen, Mai and Harrison, Alicia},
	Publisher = {Brookings Institution, Center on Urban and Metropolitan Policy Washington, DC},
	Title = {Who sprawls most?: How growth patterns differ across the US},
	Year = {2001}
}

@article{ewing1997angeles,
	Author = {Ewing, Reid},
	Journal = {Journal of the American planning association},
	Number = {1},
	Pages = {107--126},
	Publisher = {Taylor \& Francis},
	Title = {{Is Los Angeles-style sprawl desirable?}},
	Volume = {63},
	Year = {1997}}

@techreport{RealEstate1974,
	Author = {{Real Estate Research Corporation}},
	Booktitle = {Costs of sprawl},
	Publisher = {U.S. Government Printing Office},
	Title = {{Costs of sprawl: Environmental and economic costs of alternative residential development patterns at the urban fringe}},
	Year = {1974},
	institution = {{Real Estate Research Corporation}}
	}

@article{jenks1996compact,
	Author = {Jenks, Mike and Burton, Elizabeth and Williams, Katie},
	Journal = {A sustainable urban form},
	Title = {The compact city},
	Year = {1996}}

@book{jacobs1961death,
	Author = {Jacobs, Jane},
	Publisher = {Vintage},
	Title = {The death and life of great American cities},
	Year = {1961}}

@article{churchman1999disentangling,
	Author = {Churchman, Arza},
	Journal = {Journal of Planning Literature},
	Number = {4},
	Pages = {389--411},
	Publisher = {Sage Publications},
	Title = {Disentangling the concept of density},
	Volume = {13},
	Year = {1999}}

@book{campoli2007visualizing,
	Author = {Campoli, Julie},
	Publisher = {Lincoln Inst of Land Policy},
	Title = {Visualizing density},
	Year = {2007}}

@book{elkin1991reviving,
	Author = {Elkin, Tim and McLaren, Duncan and Hillman, Mayer},
	Publisher = {Friends of the Earth London},
	Title = {Reviving the City: towards sustainable urban development},
	Year = {1991}}

@misc{CommissionEuropeanComm1990,
	Author = {{Commission of the European Communities}},
	Title = {Green Paper on the Urban Environment},
	Year = {1990}}

@misc{UKGov1994,
	Author = {{UK Government}},
	Publisher = {London HMSO},
	Title = {Sustainable Development: The {UK} Strategy},
	Year = {1994}}

@misc{LondonPlan2006,
	Author = {{Greater London Authority}},
	Title = {London Plan},
	Year = {2006}}

@misc{UKGovPPG3,
	Author = {{UK Government}},
	Title = {{Planning Policy Guidance 3: Housing (PPG3)}},
	Year = {2000}}

@article{williams1996achieving,
	Author = {Williams, Katie and Burton, Elizabeth and Jenks, Mike},
	Journal = {The compact city: A sustainable urban form},
	Pages = {83--96},
	Title = {Achieving the compact city through intensification: an acceptable option},
	Year = {1996}}

@book{dantzig1973compact,
	Author = {Dantzig, George Bernard and Saaty, Thomas L},
	Publisher = {Freeman},
	Title = {Compact city: a plan for liveable urban environment},
	Year = {1973}}

@book{priest1977large,
	Author = {Priest, Donald},
	Publisher = {Urban Land Institute},
	Title = {Large-scale development: benefits, constraints, and state and local policy incentives},
	Year = {1977}}

@book{frank1989costs,
	Author = {Frank, James E},
	Publisher = {Urban Land Inst},
	Title = {The costs of alternative development patterns: A review of the literature},
	Year = {1989}}

@techreport{burchell1995land,
	Author = {Burchell, Robert W and Listokin, David},
	Title = {Land, infrastructure, housing costs and fiscal impacts associated with growth: The literature on the impacts of sprawl versus managed growth},
	Year = {1995},
	institution = {Lincoln Institute of Land Policy}
	}
	
@book{cervero2011urban,
  title={Urban densities and transit: A multi-dimensional perspective},
  author={Cervero, Robert and Guerra, Erick},
  year={2011},
  publisher={Institute of Transportation Studies, University of California, Berkeley}
}

@incollection{Nijkamp1996,
	address = {London and New York},
	author = {Nijkamp, Peter and Rienstra, Sytze A.},
	booktitle = {The Compact City: a Sustainable Urban Form},
	chapter = {Environment and Resources},
	editor = {Jenks, Mike and Burton, Elizabeth and Williams, Katie},
	publisher = {E{\&}FN SPON},
	title = {{Sustainable Transport in a Compact City}},
	year = {1996}
}
@misc{ecotec1993reducing,
  title={Reducing Transport Emissions Through Planning},
  author={ECOTEC},
  year={1993},
  publisher={HMSO, London}
}
@article{newman1992compact,
  title={The compact city: an Australian perspective},
  author={Newman, Peter},
  journal={Built Environment (1978-)},
  pages={285--300},
  year={1992},
  publisher={JSTOR}
}
@book{newman1989cities,
  title={Cities and automobile dependence: An international sourcebook},
  author={Newman, Peter G and Kenworthy, Jeffrey R},
  year={1989},
  publisher = {Gower Publishing}
}
@article{newman1989gasoline,
  title={Gasoline consumption and cities: a comparison of US cities with a global survey},
  author={Newman, Peter WG and Kenworthy, Jeffrey R},
  journal={Journal of the american planning association},
  volume={55},
  number={1},
  pages={24--37},
  year={1989},
  publisher={Taylor \& Francis}
}
@article{gordon1997densities,
  title={Densities, urban form and travel behaviour: re-examines key data sources in search of evidence to support a link between urban form and travel behaviour},
  author={Gordon, Ian},
  journal={Town and Country Planning},
  volume={66},
  pages={239--241},
  year={1997},
  publisher={Town and Country Planning Association}
}
@techreport{litman2005land,
  title={Land use impacts on transport: How land use factors affect travel behavior},
  author={Litman, Todd},
  year={2005},
  institution = {Victoria Transport Policy Institute}
}
@article{naess2009residential,
  title={Residential self-selection and appropriate control variables in land use: Travel studies},
  author={N{\ae}ss, Petter},
  journal={Transport Reviews},
  volume={29},
  number={3},
  pages={293--324},
  year={2009},
  publisher={Taylor \& Francis}
}
@article{Melia2011,
author = {Melia, Steve and Parkhurst, Graham and Barton, Hugh},
journal = {Transport Policy},
number = {1},
pages = {46--52},
publisher = {Elsevier},
title = {{The paradox of intensification}},
volume = {18},
year = {2011}
}

@article{Gordon1997,
author = {Gordon, Peter and Richardson, Harry W.},
journal = {Journal of the American Planning Association},
number = {1},
pages = {95--106},
title = {{Are Compact Cities a Desirable Planning Goal?}},
volume = {63},
year = {1997}
}
@article{popenoe1979urban,
  title={Urban Sprawl: Some Neglected Sociological Considerations},
  author={Popenoe, David},
  journal={Sociology and Social Research},
  volume={63},
  number={2},
  pages={255--268},
  year={1979},
  publisher={University of California}
}
@inproceedings{burchell1993demographic,
  title={The Demographic and Social Difference Between Central Cities and Suburbs as They Relate to the Job Fulfillment of Urban Residents},
  author={Burchell, Robert W and Schmeidler, Emilie},
  booktitle={National Conference on Metropolitan America in Transition: Implications for Land Use and Transportation Planning. Cambridge, MA: Lincoln Institute of Land Policy},
  year={1993}
}
@article{newman1996reducing,
  title={Reducing automobile dependence},
  author={Newman, Peter},
  journal={Environment and Urbanization},
  volume={8},
  number={1},
  pages={67--92},
  year={1996},
  publisher={SAGE Publications}
}
@article{Burton2000,
author = {Burton, Elizabeth},
journal = {Urban Studies},
number = {11},
pages = {1969--2006},
title = {{The Compact City: Just or Just Compact? A Preliminary Analysis}},
volume = {37},
year = {2000}
}

@incollection{Stretton1996,
	address = {London and New York},
	author = {Stretton, Hugh},
	booktitle = {The Compact City: a Sustainable Urban Form},
	chapter = {Compact City Theory},
	editor = {Jenks, Mike and Burton, Elizabeth and Williams, Katie},
	publisher = {E{\&}FN SPON},
	title = {{Density, Efficacy and Equality in Australian Cities}},
	year = {1996}
}

@article{Echenique2012,
author = {Echenique, Marcial H. and Hargreaves, Anthony J. and Mitchell, Gordon and Namdeo, Anil},
journal = {Journal of the American Planning Association},
number = {2},
pages = {121--137},
title = {{Growing Cities Sustainably}},
volume = {78},
year = {2012}
}

@article{breheny1995compact,
  title={The compact city and transport energy consumption},
  author={Breheny, Michael},
  journal={Transactions of the institute of British Geographers},
  pages={81--101},
  year={1995},
  publisher={JSTOR}
}
@article{Neuman2005,
author = {Neuman, Michael},
journal = {Journal of Planning Education and Research},
number = {1},
pages = {11--26},
title = {{The Compact City Fallacy}},
volume = {25},
year = {2005}
}

@misc{COP21,
  title={{Paris Climate Conference Draft Agreement}},
  author={COP21},
  year={2015},
  publisher={COP21}
}

@book{burchell1998costs,
  title={The costs of sprawl-revisited},
  author={Burchell, Robert W and Shad, Naveed A and Listokin, David and Phillips, Hilary and Downs, Anthony and Seskin, Samuel and Davis, Judy S and Moore, Terry and Helton, David and Gall, Michelle},
  year={1998},
  publisher = {Transit Cooperative Research Program}
}

@book{united2014world,
  title={World Urbanization Prospects: The 2014 Revision},
  author={{UN Department of Economics}},
  year={2014},
  publisher={United Nations Publications}
}
@book{horward1898garden,
  title={To-morrow: A Peaceful Path to Real Reform},
  author={Sir Howard, Ebenezer},
  year={1898},
  publisher = {Routledger}
}
@book{Haughey2005,
author = {Haughey, R},
booktitle = {Sierra},
publisher = {ULI–the Urban Land Institute},
title = {{Higher-Density Development: Myth and Fact}},
year = {2005}
}
@misc{council2009leed,
  title={LEED Reference Guide for Neighborhood Development, 2009 Edition},
  author={{Council, US Green Building}},
  year={2009},
  publisher={USGBC, Washington, DC, USA}
}
@book{national1999our,
  title={Our common journey: a transition toward sustainability},
  author={{National Research Council}},
  year={1999},
  publisher={National Academies Press}
}
@book{american1999planning,
  title={Planning communities for the 21st century},
  author={{American Planning Association}},
  year={1999},
  publisher={The Association}
}
@techreport{Eea1999,
author = {{EEA}},
institution = {{European Environment Agency (EEA)}},
title = {{Environment in the European Union at the turn of the century}},
year = {1999}
}

@techreport{UnitedNations1992,
author = {{United Nations}},
booktitle = {United Nations Conference on Environment {\&} Development Rio de Janerio},
title = {{Agenda 21}},
year = {1992},
institution = {United Nations}
}
@book{anderson1998uli,
  title={ULI on the Future: Smart Growth: Economy, Community, Environment},
  author={Anderson, G and Tregoning, H and Pickrell, DH and Danielsen, KA and Lang, RE and Porter, DR and Hollis, LE and Petersen, DC},
  year={1998},
  publisher={Urban Land Inst}
}

@misc{council2009vancouver,
  title={Vancouver 2020 A Bright Green Future: An Action Plan for Becoming the World‘s Greenest City by 2020},
  author={{Council Vancouver City}},
  year={2009}
}
@article{Dieleman2003,
author = {Dieleman, Frans and Wegener, Michael},
journal = {Built Environment},
number = {4},
title = {{Compact City and Urban Sprawl}},
volume = {30},
year = {2003}
}
@book{batty2013newscience,
  title={The new science of cities},
  author={Batty, Michael},
  year={2013},
  publisher={MIT press}
}




